@incollection {
	itcr,
	author = {Tavani and Quirk and Chirillo},
	title = {Ethics and Technology},
	booktitle = {Information Technology and Citizens' Rights},
	publisher = {John Wiley and Sons Australia, Ltd},
	year = 2002,
	chapter = 8,
}

@article {
	bozak,
	author = {M. Bozak},
	title = {Smart{C}ard hits campus (and sends shock waves). [{O}nline]},
	journal = {Available URL: http://www.efc.ca/pages/media/varsity.08sep97.html},
	year = 1997,
	note = {[Accessed 01/05/2004]}
}

@article {
	clarke,
	author = {R. Clarke},
	title = {Privacy {I}ssues in {S}mart {C}ard {A}pplications in the {R}etail {F}inancial {S}ector [{O}nline]},
	journal = {Available URL: http://www.anu.edu.au/people/Roger.Clarke/DV/ACFF.html},
	year = 1996,
	note = {[Accessed 02/05/2004]}
}

@article {
	connoly,
	author = {C. Connoly},
	title = {Smart {C}ards: {B}ig {B}rother's {L}ittle {H}elpers [{O}nline]},
	journal = {Available URL: http://www.austlii.edu.au/au/other/CyberLRes/1995/smart/index.html},
	year = 1995,
	note = {[Accessed 01/05/2004]}
}

@article {
	everett,
	author = {D. B. Everett},
	title = {Smart {C}ard {T}echnology: {I}ntroduction {T}o {S}mart {C}ards [{O}nline]},
	journal = {Available URL: http://www.smartcard.co.uk/resources/articles/intro2sc.html},
	year = 2002,
	note = {[Accessed 02/05/2004]}
}

@article {
	kanninen,
	author = {A. Kanninen},
	title = {Emerging {P}roblems with {S}mart {C}ard {T}echnologies [{O}nline]},
	journal = {Available URL: http://www.tml.hut.fi/Opinnot/Tik-110.501/1999/papers/smartcard/smartcard.html},
	year = 2000,
	note = {[Accessed 03/05/2004]}
}

@article {
	apscf,
	author = {APSCF},
	title = {Asia {P}acific {S}mart {C}ard {F}orum [{O}nline]},
	journal = {Available URL: http://www.smartcardforum.asn.au/products.cfm},
	year = 2004,
	note = {[Accessed 21/05/04]}
}

@article {
	fms,
	author = {FMS},
	title = {Financial {M}anagement {S}ystem [{O}nline]},
	journal = {Available URL: http://www.fms.treas.gov/storedvalue/features.html},
	year = 2004,
	note = {[Accessed 21/05/04]}
}

@article {
	gemplus,
	author = {Gemplus [{O}nline]},
	title = {Gemplus {B}eyond {S}mart},
	journal = {Available URL: http://www.gemplus.com/products/gempc\_usb\_sl/},
	year = 2003,
	note = {[Accessed 21/05/04]}
}

@article {
	irwin,
	author = {S. Irwin},
	title = {Identity {P}rotection and {S}mart {C}ard {A}doption in {A}merica [{O}nline]},
	journal = {Available URL: http://www.sans.org/rr/papers/6/1122.pdf},
	year = 2003,
	note = {[Accessed 21/05/04]}
}

@article {
	noonan,
	author = {T. Noonan},
	title = {Smart cards in {A}ustralia: {T}he impact of smart cards on people with disabilities [{O}nline]},
	journal = {Available URL: http://www.softspeak.com.au/screp10.htm},
	year = 2000,
	note = {[Accessed 21/05/04]}
}
