@inproceedings {
	tppipp,
	author = "{G\"unter} Karjoth and Matthias Schunter and Els Van Herreweghen",
	title = "Translating Privacy Practices into Privacy Promises - How to Promise What You Can Keep",
	year = 2003,
	month = jun,
	pages = "135-146",
	booktitle = "Fourth International Workshop on Policies for Distributed Systems and Networks",
	publisher = "IEEE"
}

@article {
	dgsf,
	author = "Marc Donner",
	title = "Die Gendanken Sind Frei ({T}he thoughts are free)",
	journal = "Security \& Privacy Magazine, IEEE",
	year = 2004,
	month = jan,
	volume = 2,
	number = 1,
	pages = "53-55"
}

@inproceedings {
	ppacapm,
	author = "Calvin S. Powers and Paul Ashley and Matthias Schunter",
	title = "Privacy Promeses, Access Control, and Privacy Management",
	year = 2002,
	month = oct,
	booktitle = "$3^{rd}$ International Symposium on Electronic Commerce",
	publisher = "IEEE"
}

@inproceedings {
	appmfe,
	author = "{G\"unter} Karjoth and Matthias Schunter",
	title = "A Privacy Policy Model for Enterprises",
	year = 2002,
	month = jun,
	booktitle = "$15^{th}$ IEEE Computer Security Foundations Workshop",
	publisher = "IEEE"
}

@article {
	itmtpc,
	author = "George Lawton",
	title = "Is Technology Meeting the Privacy Challenge?",
	journal = "Computer",
	publisher = "IEEE",
	year = 2001,
	month = sep,
	volume = 34,
	number = 9,
	pages = "16-18"
}

@inproceedings {
	ppsp,
	author = "David Primeaux and James E. Ames IV",
	title = "Personal, private, secret, public [ethics of data privacy]",
	booktitle = "Technology and Society, 2002. (ISTAS'02). 2002 International Symposium on",
	year = 2002,
	pages = "157-161",
	organization = "Virginia Commonwealth University",
	publisher = "IEEE",
	address = "Richmond, VA, USA",
	month = jun
}

@inproceedings {
	pidec,
	author = "Larry Korba",
	title = "Privacy in distributed electronic commerce",
	booktitle = "System Sciences, 2002. HICSS. Proceedings of the 35th Annual Hawaii International Conference on",
	year = 2002,
	month = jan,
	pages = "4017-4026",
	organization = "Nat. Res. Council of Canada",
	publisher = "IEEE",
	address = "Ottawa, Ont., Canada"
}

@inproceedings {
	awfpp,
	author = "Lucas C. J. Dreyer and Martin S. Olivier",
	title = "A workbench for privacy policies",
	booktitle = "Computer Software and Applications Conference, 1998. COMPSAC '98. Proceedings. The Twenty-Second Annual International",
	year = 1998,
	month = aug,
	pages = "350-355",
	organization = "Dept. of Comput. Sci., Rand Afrikaans Univ.",
	address = "Johannesburg, South Africa"
}

@inproceedings {
	ipift,
	author = "Rien Turn",
	title = "Information privacy issues for the 1990s",
	booktitle = "Research in Security and Privacy, 1990. Proceedings., 1990 IEEE Computer Society Symposium on",
	year = 1990,
	month = may,
	pages = "394-400",
	organization = "Dept. of Comput. Sci., California State Univ.",
	address = "Northridge, CA, USA"
}

@inproceedings {
	wrme,
	author = "Patricia A. Choicey",
	title = "``Who's reading my e-mail?'': a study of professionals' e-mail usage and privacy perceptions in the workplace",
	booktitle = "Professional Communication, IEEE Transactions on",
	year = 1997,
	month = mar,
	pages = "34-40",
	organization = "Program in Corp. \& Org. Commun., Fairleigh Dickinson Univ.",
	address = "Madison, NJ, USA"
}

@conference {
	acotugpa,
	author = "T. A. Cavanaugh",
	title = "A critique of the {U.S.} Genetic Privacy Act",
	booktitle = "Technology and Society, 2000. University as a Bridge from Technology to Society. IEEE International Symposium on",
	year = 2000,
	pages = "279-280",
	organization = "Dept. of Philos., San Francisco Univ.",
	publisher = "IEEE",
	address = "CA, USA",
	month = sep
}

@article {
	pmppmu,
	author = "Lorrie Faith Crannor",
	title = "{P3P}: making privacy policies more useful",
	journal = "Security \& Privacy Magazine",
	publisher = "IEEE",
	year = 2003,
	month = dec,
	volume = 1,
	number = 6,
	pages = "50-55"
}

@article {
	sd,
	author = "Jim Hearn",
	title = "Slow dancing [security issues]",
	journal = "Security \& Privacy Magazine",
	publisher = "IEEE",
	year = 2003,
	month = jun,
	volume = 1,
	number = 3,
	pages = "67-68"
}

@article {
	mpiaow,
	author = "Anup K. Ghosh",
	title = "Maintaining privacy in a online world",
	journal = "IT Professional",
	year = 2002,
	month = sep,
	pages = "24-25",
	volume = 4,
	number = 5
}

@article {
	amppis,
	author = "Karen Chassie",
	title = "A private matter [privacy in society]",
	journal = "Potentials",
	publisher = "IEEE",
	year = 2001,
	month = nov,
	pages = 26,
	volume = 20,
	number = 4
}

@article {
	spiiknd,
	author = "D. E. O'Leary and S. Bonorris and W. Klosgen and Khaw Yew-Tuan and Lee Hing-Yan and W. Ziarko",
	title = "Some privacy issues in knowledge discovery: the {OECD} personal privacy guidelines",
	journal = "Expert",
	publisher = "IEEE",
	year = 1995,
	month = apr,
	volume = 10,
	number = 2,
	pages = "48-59"
}

@incollection {
	itcr,
	author = "Tavani and Quirk and Chirillo",
	title = "Ethics and Technology",
	booktitle = "Information Technology and Citizens' Rights",
	publisher = "John Wiley and Sons Australia, Ltd",
	year = 2002,
	chapter = 8,
}

@unpublished {
	pete,
	author = "Peter N. T. de Zwart",
	title = "Essay on the relationship between an individuals desire to personal privacy and that of the commercial sectors need to access the same private data",
	note = "IACT201 Essay 1",
	year = 2004,
	month = apr
}

@article {
	nawci,
	author = "Richard Stern",
	title = "Napster: {A} walking copyright infringement?",
	journal = "Micro",
	publisher = "IEEE",
	year = 2000,
	month = dec,
	volume = 20,
	number = 6
}

@article {
	huaicpf,
	author = "David Avioli",
	title = "Hollywood ups ante in copy protection fight",
	journal = "Spectrum",
	publisher = "IEEE",
	year = 2002,
	month = jul,
	pages = "24-25",
	volume = 39,
	number = 7
}

@article {
	iaippitsi,
	author = "Bradford L. Smith and Susan O'Mann",
	title = "Innovation and {I}ntellectual {P}roperty in the {S}oftware {I}ndustry: {A}n {E}merging {R}ole for {P}atents?",
	journal = "The University of Chicago Law Review",
	address = "Chicago",
	year = 2004,
	volume = 71,
	number = 1,
	pages = {241-265}
}
