@preamble { "\newcommand{\noopsort}[1]{} "
	# "\newcommand{\printfirst}[2]{#1} "
	# "\newcommand{\singleletter}[1]{#1} "
	# "\newcommand{\switchargs}[2]{#2#1} " }

@INBOOK {
	tpa74,
	author = "Australian Competition and Consumer Commission",
	title = "Trade Practices Act of 1974",
	publisher = "ACCC",
	year = "{\noopsort{1974}}1974",
}

@INBOOK {
	fta87,
	author = "NSW Department of Fair Trading",
	title = "Fair Trading Act 1987 No 68",
	publisher = "NSW DFT",
	year = "{\noopsort{1987}}1987",
}

@INBOOK {
	cca98,
	author = "NSW Department of Fair Trading",
	title = "Consumer Claims Act 1998 No 162",
	publisher = "NSW DFT",
	year = "{\noopsort{1998}}1998",
}

@INBOOK {
	ccr99,
	author = "NSW Department of Fair Trading",
	title = "Consumer Claims Regulation 1999",
	publisher = "NSW DFT",
	year = "{\noopsort{1999}}1999",
}

@INBOOK {
	cttta01,
	author = "NSW Department of Fair Trading",
	title = "Consumer, Trader and Tenancy Tribunal Act 2001 No 82",
	publisher = "NSW DFT",
	year = "{\noopsort{2001}}2001",
}

@MISC {
	dftrefund,
	author = "NSW Department of Fair Trading",
	title = "Refunds and repairs",
	howpublished = "Internet website",
	note = "http://www.fairtrading.nsw.gov.au/consumerhelp/refundsrepairs.html",
	month = may,
	year = 2003,
}
