@preamble { "\newcommand{\noopsort}[1]{} "
	# "\newcommand{\printfirst}[2]{#1} "
	# "\newcommand{\singleletter}[1]{#1} "
	# "\newcommand{\switchargs}[2]{#2#1} " }

@article {
	twsj-tivo,
	author = "Nick Wingfield and Jennifer Saranow",
	title = "TiVo tunes In To Its Users' Viewing Habits",
	journal = "Wall Street Journal (Eastern Edition)",
	address = "New York, N.Y.",
	year = 2004,
	month = feb,
	pages = "B. 1",
}

@article {
	twsj-guard,
	author = "Yochi J. Dreazen",
	title = "The Best Way To... ...Guard Your Privacy",
	journal = "Wall Streed Journal (Eastern Edition)",
	address = "New York, N.Y.",
	year = 2002,
	month = nov,
	pages = "R.4",
}

@article {
	pj-american-difference,
	author = "Robert L. Ellis",
	title = "The American difference",
	journal = "Privacy Journal",
	address = "Providence",
	year = 2002,
	month = jun,
	volume = 28,
	number = 8,
	pages = 5,
}

@article {
	jir-global-insurance,
	author = "Robert Gibbons",
	title = "Privacy laws and global insurance markets",
	journal = "Journal of Insurance Regulation",
	address = "Kansas City",
	year = 2002,
	volume = 20,
	number = 4,
	pages = "71--80",
}

@article {
	mip-priv-elec-age,
	author = "Alice Turinas and Bart Showalter",
	title = "Privacy in the electronic age",
	journal = "Managing Intellectual Property",
	address = "London",
	year = 2002,
	month = nov,
	number = 124,
	pages = 72,
}

@article {
	qmr-dmdcg,
	author = "Martin Evans and Maurice Patterson and Lisa O'Malley",
	title = "The direct marketing--direct consumer gap: qualitative insights",
	journal = "Qualitative Market Research",
	address = "Bradford",
	year = 2001,
	volume = 4,
	number = 1,
	pages = 17,
}

@article {
	m-ygm,
	author = "David Murphy",
	title = "You've got mail (if you want it)",
	journal = "Marketing",
	address = "London",
	year = 2003,
	month = sep,
	pages = 27,
}

@article {
	jbe-secmdp,
	author = "Ravi Sarathy and Christopher J. Robertson",
	title = "Strateguc abd etgucak considerations in managing digital privacy",
	journal = "Journal of Business Ethics",
	address = "Dordrecht",
	year = 2003,
	month = aug,
	volume = 46,
	number = 2,
	pages = 111,
}

@article {
	nyt-csiwssdoc,
	author = "Matt Richtel",
	title = "Comcast Says It Will Stop Storing Data On Customers",
	journal = "Ney York Times. (Late Edition (East Coast))",
	address = "New York, N.Y.",
	year = 2002,
	month = feb,
	pages = "C.5",
}

@article {
	bw-dc,
	key = "Business Week",
	title = "Double Click, Take Two:The online ad leader got hammered last year, but it's branching into new businesses and headed for profits",
	journal = "Business Week",
	adress = "New York",
	year = 2002,
	month = feb,
	number = 3770,
	pages = "EB18",
}

@article {
	te-wliia,
	key = "The Economist",
	title = "Britain: Whose life is it anyway?; Privacy",
	journal = "The Economist",
	address = "London",
	year = 2002,
	month = mar,
	volume = 362,
	number = 8263,
	pages = 35,
}

@article {
	hdm-iswmvopi,
	author = "Joseph Goedert",
	title = "Industry speaks with many voices on privacy issue",
	journal = "Health Data Management",
	address = "New york",
	year = 2001,
	month = oct,
	volume = 9,
	number = 10,
	pages = "10--11",
}

@article {
	iw-ttpap,
	author = "Karyl Scott",
	journal = "Trusted third parties address privacy",
	address = "Manhasset",
	year = 2001,
	month = aug,
	number = 851,
	pages = "39--40",
}

@article {
	mr-oiooo,
	author = "Donna Gilliln",
	title = "Opt in or opt out?",
	journal = "Marketing Research",
	address = "Chicago",
	year = 2001,
	volume = 13,
	number = 2,
	pages = "6--7",
}

@article {
	ft-fgstacodp,
	author = "Guy de Jonquieres",
	title = "Financial groups scramble to avert clash over data piracy",
	journal = "Financial Times",
	address = "London, UK",
	year = 2001,
	month = may,
	pages = 12,
}

@article {
	wsj-ecom,
	author = "Andrea Petersen",
	title = "E-Commerce (A Special Report): Industry by Industry --- Privacy --- Private Matters: It seems that trust equals revenue, even online.",
	journal = "Wall Street Journal",
	address = "New York, N.Y.",
	year = 2001,
	month = feb,
	pages = "R.24",
}

@article {
	ccr-pphts,
	author = "Anonymous",
	title = "Privacy provisions here to stay",
	journal = "Collections and Credit Risk",
	address = "New York",
	year = 2001,
	month = jan,
	volume = 6,
	number = 1,
	pages = "10--11",
}

@inbook {
	tde,
	author = "Don Tapscott",
	title = "The Digital Economy",
	chapter = 11,
	pages = "271--283",
	publisher = "McGraw-Hill",
	year = 1996,
	address = "New York",
}

@incollection {
	itcr,
	author = "Tavani and Quirk and Chirillo",
	title = "Electronic Commerce and the Law",
	booktitle = "Information Technology and Citizens' Rights",
	publisher = "John Wiley and Sons Australia, Ltd",
	year = 2002,
	chapter = 11,
}
